@misc{richard2018rl, 
    title={1. Introduction}, 
    url={http://incompleteideas.net/book/first/ebook/node6.html}, 
    journal={Reinforcement Learning: An Introduction}, 
    author={Richard S. and Andrew G.}, 
    year={2018}
}

@misc{richard2018sarsa, 
    title={6.4 Sarsa: On-Policy TD Control}, 
    url={http://incompleteideas.net/book/ebook/node64.html}, 
    journal={Reinforcement Learning: An Introduction}, 
    author={Richard S. and Andrew G.}, 
    year={2018}
}

@misc{richard2018sarsalambda, 
    title={7.5 Sarsa(\({\lambda}\))}, 
    url={http://incompleteideas.net/book/first/ebook/node77.html}, 
    journal={Reinforcement Learning: An Introduction}, 
    author={Richard S. and Andrew G.}, 
    year={2018}
}